@article{Allen1976BodyLI,
  title={Body language in the dental office. How to read a patient's nonverbal clues.},
  author={T. Harrell Allen},
  journal={Tic},
  year={1976},
  volume={35 10},
  pages={1-3}
}

@misc{OpenPifPaf,
  doi = {10.48550/ARXIV.2103.02440},
  author = {Kreiss, Sven and Bertoni, Lorenzo and Alahi, Alexandre},
  title = {OpenPifPaf: Composite Fields for Semantic Keypoint Detection and Spatio-Temporal Association},
  publisher = {arXiv},
  year = {2021},
  copyright = {arXiv.org perpetual, non-exclusive license}
}

@inproceedings{kreiss2019pifpaf,
  title={Pifpaf: Composite fields for human pose estimation},
  author={Kreiss, Sven and Bertoni, Lorenzo and Alahi, Alexandre},
  booktitle={Proceedings of the IEEE/CVF conference on computer vision and pattern recognition},
  pages={11977--11986},
  year={2019}
}

@article{van2007body,
  title={Body expressions influence recognition of emotions in the face and voice.},
  author={Van den Stock, Jan and Righart, Ruthger and De Gelder, Beatrice},
  journal={Emotion},
  volume={7},
  number={3},
  pages={487},
  year={2007},
  publisher={American Psychological Association}
}

@article{Edmondstone1995CardiacCP,
  title={Cardiac chest pain: does body language help the diagnosis?},
  author={W. M. Edmondstone},
  journal={BMJ},
  year={1995},
  volume={311},
  pages={1660 - 1661},
  doi={10.1136/bmj.311.7021.1660 }
}

@inproceedings{chen2019real,
  title={Real-time patient facial expression recognition using convolutional neural network},
  author={Chen, Xin and Qian, Yutong and Fu, Shilei and Song, Qian},
  booktitle={2019 International Conference on Image and Video Processing, and Artificial Intelligence},
  volume={11321},
  pages={113210R},
  year={2019},
  organization={International Society for Optics and Photonics},
  doi={10.1117/12.2547836}
}


@article{BadrulhishamMangshor2021, 
title={Emotion Recognition Using Convolutional Neural Network (CNN)}, 
volume={1962}, 
DOI={10.1088/1742-6596/1962/1/012040}, 
number={1}, 
journal={Journal of Physics: Conference Series}, 
publisher={IOP Publishing}, 
author={Badrulhisham, Nur Alia Syahirah and Mangshor, Nur Nabilah Abu}, 
year={2021}, 
month={Jul}, 
pages={012040} 
} 

@inproceedings{bargshady2019joint,
  title={A joint deep neural network model for pain recognition from face},
  author={Bargshady, Ghazal and Soar, Jeffrey and Zhou, Xujuan and Deo, Ravinesh C and Whittaker, Frank and Wang, Hua},
  booktitle={2019 IEEE 4th International Conference on Computer and Communication Systems (ICCCS)},
  pages={52--56},
  year={2019},
  organization={IEEE}
}
